@INPROCEEDINGS{5715566,  author={Zhou, Ming and Wang, Hongfa},  booktitle={2010 Fourth International Conference on Genetic and Evolutionary Computing},   title={An Efficient Selection Sorting Algorithm for Two-Dimensional Arrays},   year={2010},  volume={},  number={},  pages={853-855},  doi={10.1109/ICGEC.2010.216}}

@INPROCEEDINGS{9155623,  author={Lobo, Joella and Kuwelkar, Sonia},  booktitle={2020 International Conference on Electronics and Sustainable Communication Systems (ICESC)},   title={Performance Analysis of Merge Sort Algorithms},   year={2020},  volume={},  number={},  pages={110-115},  doi={10.1109/ICESC48915.2020.9155623}}

@INPROCEEDINGS{5763927,  author={Edjlal, Ramin and Edjlal, Armin and Moradi, Tayebeh},  booktitle={2011 3rd International Conference on Computer Research and Development},   title={A sort implementation comparing with Bubble sort and Selection sort},   year={2011},  volume={4},  number={},  pages={380-381},  doi={10.1109/ICCRD.2011.5763927}}

@INPROCEEDINGS{7382357,  author={Ullah, Sultan and Khan, Muhammad A. and Khan, Mudasser A. and Akbar, H. and Hassan, Syed S.},  booktitle={2015 12th International Conference on Fuzzy Systems and Knowledge Discovery (FSKD)},   title={Optimized Selection Sort Algorithm for Two Dimensional array},   year={2015},  volume={},  number={},  pages={2549-2553},  doi={10.1109/FSKD.2015.7382357}}

